<record><leader>00000cas a22000007a 4500</leader><controlfield tag="001">12898003</controlfield><controlfield tag="008">851212d18851979wvudr ne      0    0eng d</controlfield><datafield ind1=" " ind2=" " tag="010"><subfield code="a">sn 85059809 </subfield></datafield><datafield ind1=" " ind2=" " tag="040"><subfield code="a">WVC</subfield><subfield code="b">eng</subfield><subfield code="c">WVC</subfield><subfield code="d">DLC</subfield><subfield code="d">WVC</subfield><subfield code="d">DLC</subfield><subfield code="d">OCL</subfield><subfield code="d">NYS</subfield><subfield code="d">OCLCQ</subfield><subfield code="d">OCLCF</subfield><subfield code="d">OCLCO</subfield></datafield><datafield ind1=" " ind2=" " tag="019"><subfield code="a">12897676</subfield><subfield code="a">12897955</subfield></datafield><datafield ind1="1" ind2=" " tag="029"><subfield code="a">AU@</subfield><subfield code="b">000023533563</subfield></datafield><datafield ind1=" " ind2=" " tag="042"><subfield code="a">msc</subfield></datafield><datafield ind1=" " ind2=" " tag="043"><subfield code="a">n-us-wv</subfield></datafield><datafield ind1="0" ind2="0" tag="050"><subfield code="a">Newspaper 7002</subfield></datafield><datafield ind1="0" ind2=" " tag="130"><subfield code="a">Huntington advertiser (Huntington, W. Va. : 1885)</subfield></datafield><datafield ind1="1" ind2="4" tag="245"><subfield code="a">The Huntington advertiser.</subfield></datafield><datafield ind1="3" ind2="0" tag="246"><subfield code="a">Sunday advertiser</subfield></datafield><datafield ind1="3" ind2="0" tag="246"><subfield code="a">Herald-advertiser</subfield></datafield><datafield ind1=" " ind2=" " tag="260"><subfield code="a">Huntington, W. Va. :</subfield><subfield code="b">[s.n.],</subfield><subfield code="c">-1979.</subfield></datafield><datafield ind1=" " ind2=" " tag="300"><subfield code="a">v.</subfield></datafield><datafield ind1=" " ind2=" " tag="310"><subfield code="a">Daily</subfield></datafield><datafield ind1="1" ind2=" " tag="362"><subfield code="a">Began in 1895.</subfield></datafield><datafield ind1="0" ind2=" " tag="362"><subfield code="a">-v. 79, no. 167 (Aug. 24, 1979).</subfield></datafield><datafield ind1=" " ind2=" " tag="500"><subfield code="a">Published on Sundays as: The Sunday advertiser, &lt;1922-1925&gt;, and with the Herald-dispatch (Huntington, W. Va.)--as: The herald-advertiser, Aug. 14, 1927-1979.</subfield></datafield><datafield ind1=" " ind2=" " tag="588"><subfield code="a">Description based on: July 23, 1895.</subfield></datafield><datafield ind1=" " ind2="0" tag="651"><subfield code="a">Huntington (W. Va.)</subfield><subfield code="v">Newspapers.</subfield></datafield><datafield ind1=" " ind2="7" tag="655"><subfield code="a">Newspapers.</subfield><subfield code="2">fast</subfield><subfield code="0">(OCoLC)fst01423814</subfield></datafield><datafield ind1=" " ind2="7" tag="651"><subfield code="a">West Virginia</subfield><subfield code="z">Huntington.</subfield><subfield code="2">fast</subfield><subfield code="0">(OCoLC)fst01202938</subfield></datafield><datafield ind1=" " ind2=" " tag="752"><subfield code="a">United States</subfield><subfield code="b">West Virginia</subfield><subfield code="c">Cabell</subfield><subfield code="d">Huntington.</subfield></datafield><datafield ind1="0" ind2="0" tag="780"><subfield code="t">Daily advertiesr (Huntington, W. Va.)</subfield><subfield code="w">(DLC)sn 85059810</subfield></datafield></record>